@article{bezanson2017julia,
  title={Julia: A fresh approach to numerical computing},
  author={Bezanson, Jeff and Edelman, Alan and Karpinski, Stefan and Shah, Viral B},
  journal={SIAM review},
  volume={59},
  number={1},
  pages={65--98},
  year={2017},
  publisher={SIAM}
}

@article{Moore1990,
	author = {Moore, James T. and Bard, Jonathan F.},
	doi = {10.1287/opre.38.5.911},
	issn = {0030-364X},
	journal = {Operations Research},
	keywords = {games: noncooperative,integer: branch-and-bound algorithms,programming},
	mendeley-groups = {bilevel - hierarchical},
	month = {oct},
	number = {5},
	pages = {911--921},
	publisher = { INFORMS },
	title = {{The Mixed Integer Linear Bilevel Programming Problem}},
	url = {http://pubsonline.informs.org/doi/abs/10.1287/opre.38.5.911},
	volume = {38},
	year = {1990}
}

@book{DBLP:books/lib/Knuth98a,
  author    = {Donald Ervin Knuth},
  title     = {The art of computer programming},
  volume    = {3: Sorting and Searching},
  edition   = {2nd},
  publisher = {Addison-Wesley},
  year      = {1998},
  url       = {http://www.worldcat.org/oclc/312994415},
  isbn      = {0201896850},
  timestamp = {Wed, 03 May 2017 18:39:06 +0200},
  biburl    = {https://dblp.org/rec/bib/books/lib/Knuth98a},
  bibsource = {dblp computer science bibliography, https://dblp.org}
}

@book{DBLP:books/daglib/0023376,
  author    = {Thomas H. Cormen and
               Charles E. Leiserson and
               Ronald L. Rivest and
               Clifford Stein},
  title     = {Introduction to Algorithms, 3rd Edition},
  publisher = {{MIT} Press},
  year      = {2009},
  url       = {http://mitpress.mit.edu/books/introduction-algorithms},
  isbn      = {978-0-262-03384-8},
  timestamp = {Fri, 12 May 2017 13:30:20 +0200},
  biburl    = {https://dblp.org/rec/bib/books/daglib/0023376},
  bibsource = {dblp computer science bibliography, https://dblp.org}
}

@misc{wilson2018,
        title = {The Future of Microprocessors},
        author = {Sophie Wilson},
        year = {2018},
	note = {JuliaCon keynote address},
        url = {https://www.youtube.com/watch?v=zX4ZNfvw1cw}
}

@misc{Drepper07whatevery,
    author = {Ulrich Drepper},
    title = {What Every Programmer Should Know About Memory},
    note = {Linux Weekly News},
    year = {2007},
    url = {https://lwn.net/Articles/250967/}
}

@article{DBLP:journals/pvldb/ChhuganiNLMHCBKD08,
  author    = {Jatin Chhugani and
               Anthony D. Nguyen and
               Victor W. Lee and
               William Macy and
               Mostafa Hagog and
               Yen{-}Kuang Chen and
               Akram Baransi and
               Sanjeev Kumar and
               Pradeep Dubey},
  title     = {Efficient implementation of sorting on multi-core {SIMD} {CPU} architecture},
  journal   = {{PVLDB}},
  volume    = {1},
  number    = {2},
  pages     = {1313--1324},
  year      = {2008},
  url       = {http://www.vldb.org/pvldb/1/1454171.pdf},
  doi       = {10.14778/1454159.1454171},
  timestamp = {Thu, 16 Aug 2018 11:33:42 +0200},
  biburl    = {https://dblp.org/rec/bib/journals/pvldb/ChhuganiNLMHCBKD08},
  bibsource = {dblp computer science bibliography, https://dblp.org}
}


@article{DBLP:journals/pvldb/InoueT15,
  author    = {Hiroshi Inoue and
               Kenjiro Taura},
  title     = {{SIMD-} and Cache-Friendly Algorithm for Sorting an Array of Structures},
  journal   = {{PVLDB}},
  volume    = {8},
  number    = {11},
  pages     = {1274--1285},
  year      = {2015},
  url       = {http://www.vldb.org/pvldb/vol8/p1274-inoue.pdf},
  doi       = {10.14778/2809974.2809988},
  timestamp = {Thu, 16 Aug 2018 11:33:43 +0200},
  biburl    = {https://dblp.org/rec/bib/journals/pvldb/InoueT15},
  bibsource = {dblp computer science bibliography, https://dblp.org}
}

@article{DBLP:journals/pvldb/BalkesenATO13,
  author    = {Cagri Balkesen and
               Gustavo Alonso and
               Jens Teubner and
               M. Tamer {\"{O}}zsu},
  title     = {Multi-Core, Main-Memory Joins: Sort vs. Hash Revisited},
  journal   = {{PVLDB}},
  volume    = {7},
  number    = {1},
  pages     = {85--96},
  year      = {2013},
  url       = {http://www.vldb.org/pvldb/vol7/p85-balkesen.pdf},
  doi       = {10.14778/2732219.2732227},
  timestamp = {Thu, 16 Aug 2018 11:33:44 +0200},
  biburl    = {https://dblp.org/rec/bib/journals/pvldb/BalkesenATO13},
  bibsource = {dblp computer science bibliography, https://dblp.org}
}



